%----------------------------------------------------%
%---Note: add a `at` symbol at the start-------------%
%---Note: suffix `nd` if year is n/a-----------------%
%----------------------------------------------------%
% incollection{[Author][Increment][Year],
%     year={Year},
%     isbn={ISBN},
%     booktitle={Book Title},
%     volume={Volume},
%     series={Series},
%     editor={Editor(s)},
%     doi={DOI},
%     title={Title},
%     url={URL},
%     publisher={Publisher},
%     author={Author Name(s)},
%     pages={Pages},
%     language={Language}
% }
%----------------------------------------------------%
%---Note: add a `at` symbol at the start-------------%
%---Note: suffix `nd` if year is n/a-----------------%
%----------------------------------------------------%
% book{[Author][Increment][Year],
%     abstract = "{Abstract}",
%     author = "{Author Name(s)}",
%     day = "{Day}",
%     howpublished = "{Publication Medium}",
%     isbn = "{ISBN}",
%     keywords = "{Keywords}",
%     month = "{Month}",
%     posted-at = "{Posted At}",
%     priority = "{Priority}",
%     publisher = "{Publisher}",
%     title = "{Title}",
%     url = "{URL}",
%     year = "{Year}"
% }
%----------------------------------------------------%
%---Note: add a `at` symbol at the start-------------%
%---Note: suffix `nd` if year is n/a-----------------%
%----------------------------------------------------%
% techreport{[Author][Increment][Year],
%     author = "{Author Name(s)}",
%     title = "{Title}",
%     number = "{Number}",
%     institution = "{Institution}",
%     address = "{Address}",
%     year  = "{Year}"
% }
%----------------------------------------------------%
%---Note: add a `at` symbol at the start-------------%
%---Note: suffix `nd` if year is n/a-----------------%
%----------------------------------------------------%
% article{[Author][Increment][Year],
%    title = "{Title}",
%    journal = "{Journal Name}",
%    volume = "{Volume}",
%    number = "{Number}",
%    pages = "{Pages}",
%    year = "{Year}",
%    note = "{Additional Notes}",
%    issn = "{ISSN}",
%    doi = "{DOI}",
%    url = "{URL}",
%    author = "{Author Name(s)}",
%    keywords = "{Keywords}"
%}
%----------------------------------------------------%
%---Note: start from the year 2020 for references----%
%---START REFERENCES---------------------------------%
%----------------------------------------------------%

@article{a12019,
    title = "The Role of Human Resource Management in Organizations",
    year = "2019",
    journal = "{Online Article}",
    url = "https://smallbusiness.chron.com/role-human-resource-management-organizations-21077.html",
    author = "Audra Bianca",
}

@article{t12020,
    title = "The 5 Main Roles in HR",
    year = "2020",
    journal = "{Online Article}",
    url = "https://www.paycor.com/resource-center/articles/the-5-main-roles-in-hr/",
    author = "PAYCOR",
}

@article{b12021,
    title = "16 Roles of HRM (Human Resource Management) And The Top Functions",
    year = "2021",
    journal = "{Online Article}",
    url = "https://bakkah.com/knowledge-center/roles-functions-human-resource-management",
    author = "Bakkah",
}

@article{d12022,
    title = "The 8 Essential Functions of HR in Schools",
    journal = "Juniper Education",
    year = "2022",
    url = "https://junipereducation.org/blog/the-8-essential-functions-of-hr-in-schools",
    author = "David West",
}

@article{m22024,
    title = "HRIS 101: All You Need To Know in 2024",
    year = "2024",
    journal = "{Online Article}",
    url = "https://www.aihr.com/blog/human-resources-information-system-hris/",
    author = "Erik van Vulpen, Neelie Verlinden",
}

@article{o12023,
    title = "What is HRIS?",
    year = "2023",
    journal = "{Online Article}",
    url = "https://www.oracle.com/ph/human-capital-management/what-is-hris/",
    author = "Oracle",
}

@article{n12023,
    title = "What Is HRIS? Learn the Top Benefits and How to Choose the Right One",
    year = "2023",
    journal = "{Online Article}",
    url = "https://www.bamboohr.com/blog/what-is-an-hris",
    author = "Natalie Rohde",
}

@article{gym12024,
    title = "HRIS (human resource information system)",
    year = "2024",
    journal = "{Online Article}",
    url = "https://www.techtarget.com/searchhrsoftware/definition/HRIS",
    author = "Alexander S. Gillis, Kinza Yasar, Luke Marson",
}

@article{h12022,
    title = "Human Resource Information Systems Importance and Scope",
    year = "2022",
    journal = "{Online Article}",
    url = "https://theintactone.com/2022/02/20/human-resource-information-systems-importance-and-scope/",
    author = "theintactone"
}

@article{a22023,
    title = "Everything You Need to Know About HRIS Benefits",
    year = "2023",
    journal = "{Online Article}",
    url = "https://www.businessnewsdaily.com/15889-what-is-a-human-resource-information-system.html",
    author = "Andrew Martins",
}

@article{s12022,
    title = "Significance of HRIS in an Organization",
    year = "2022",
    journal = "{Online Article}",
    url = "https://www.linkedin.com/pulse/significance-hris-organization-bitscape",
    author = "atQor",
}
//
@article{p12023,
    title = "Implementing human resource information system (hris) for efficient human resource management",
    journal = "International Journal of Science and Society",
    volume = "5",
    number = "2",
    pages = "128-139",
    year = "2023",
    doi = "10.54783/ijsoc.v5i2.676",
    url = "https://www.ijsoc.goacademica.com/index.php/ijsoc/article/view/676",
    author = "Eddy Hermawan Hasudungan Panjaitan",
}

@article{d12023,
    title = "Implementation of quality education through human resources in vocational high school",
    journal = "Iccd",
    volume = "5",
    number = "1",
    pages = "388-395",
    year = "2023",
    doi = "10.33068/iccd.v5i1.632",
    url = "https://iccd.asia/ojs/index.php/iccd/article/view/632",
    author = "Dewi NUSRANINGRUM",
}

@article{eas12020,
    title = "The management of human resources development in increasing the quality of islamic education institutions",
    journal = "Al-Ta Lim",
    volume = "27",
    number = "2",
    pages = "166-178",
    year = "2020",
    doi = "10.15548/jt.v27i2.624",
    url = "https://journal.tarbiyahiainib.ac.id/index.php/attalim/article/view/624",
    author = "Rahmi, E. and Patoni, A. and Sulistyorini, S.",
}

@article{ari12022,
    title = "Knowledge management as an effort to develop learning organizations in islamic educational institutions",
    journal = "Nidhomul Haq Jurnal Manajemen Pendidikan Islam",
    volume = "7",
    number = "1",
    pages = "92-102",
    year = "2022",
    doi = "10.31538/ndh.v7i1.2065",
    url = "https://www.semanticscholar.org/reader/1c4a48237afca062b48a25a93d7b22b8001c6030",
    author = "Rahman, A. and Dzunur'aini, R. and Nur'aini, I.",
}

@article{ias12023,
    title = "Green management and sustainable performance of small- and medium-sized hospitality businesses: moderating the role of an employee’s pro-environmental behaviour",
    journal = "International Journal of Environmental Research and Public Health",
    volume = "20",
    number = "3",
    pages = "2244",
    year = "2023",
    doi = "10.3390/ijerph20032244",
    url = "https://www.ncbi.nlm.nih.gov/pmc/articles/PMC9915901/",
    author = "Elshaer, I. and Azazz, A. and Fayyad, S.",
}

@article{hhsma12021,
    title = "Knowledge sharing management: strategy for improving the quality of human resources",
    journal = "Al-Tanzim Jurnal Manajemen Pendidikan Islam",
    volume = "5",
    number = "1",
    pages = "129-139",
    year = "2021",
    doi = "10.33650/al-tanzim.v5i1.1831",
    url = "https://www.semanticscholar.org/reader/08739fccefa57765903bd2b9a9fa1c5f89050fdc",
    author = "Baharun, H. and Hefniy, H. and Silviani, S. and Ma`arif, M. and Wibowo, A.",
}

@article{mp12021,
    title = "Empowerment as a quality improvement human resources through the implementation of total quality management",
    journal = "Nidhomul Haq Jurnal Manajemen Pendidikan Islam",
    volume = "6",
    number = "1",
    pages = "41-60",
    year = "2021",
    doi = "10.31538/ndh.v6i1.1190",
    url = "https://www.researchgate.net/publication/378050168_SOCIAL_CAPITAL_AS_PLANNING_HUMAN_RESOURCES_IN_EFFORTS_TO_IMPROVE_THE_QUALITY_OF_ISLAMIC_EDUCATION_INSTITUTIONS",
    author = "Ikhsannudin, M. and Pakpahan, P.",
}

@article{a12023,
    title = "Social capital as planning human resources in efforts to improve the quality of islamic education institutions",
    journal = "Leadership Jurnal Mahasiswa Manajemen Pendidikan Islam",
    volume = "4",
    number = "2",
    pages = "233-244",
    year = "2023",
    doi = "10.32478/leadership.v4i2.1638",
    author = "Firdaus, A.",
}

@article{z12021,
    title = "The effect of good corporate governance and accounting information systems on the quality of financial statements",
    journal = "Jasa (Jurnal Akuntansi Audit Dan Sistem Informasi Akuntansi)",
    volume = "5",
    number = "1",
    pages = "168-174",
    year = "2021",
    doi = "10.36555/jasa.v5i1.1505",
    url = "https://media.neliti.com/media/publications/423923-the-effect-of-good-corporate-governance-4dff5d72.pdf",
    author = "Sujana, Z.",
}

@article{nz12019,
    title = "A study on the effect of human resource empowerment on productivity: evidence from indonesian higher education",
    journal = "Management Science Letters",
    pages = "1977-1986",
    year = "2019",
    doi = "10.5267/j.msl.2019.7.008",
    url = "https://www.researchgate.net/publication/334314896_A_study_on_the_effect_of_human_resource_empowerment_on_productivity_Evidence_from_Indonesian_higher_education",
    author = "Nuryanto, N. and Pambuko, Z.",
}

@article{oracle1nd,
    title = "PL/SQL Inherits Database Robustness, Security, and Portability",
    pages = "1",
    year = "n.d.",
    journal = "{Online Article}",
    url = "https://www.oracle.com/ph/database/technologies/appdev/plsql.html#:~:text=PL%2FSQL%20is%20a%20procedural,server%20process%2C%20bringing%20optimal%20efficiency.",
    author = "Oracle",
}
@article{oracle2nd,
    title = "SQL Developer",
    pages = "1",
    year = "n.d.",
    journal = "{Online Article}",
    url = "https://www.oracle.com/ph/database/sqldeveloper/",
    author = "Oracle",
}
@article{mdn12023,
    title = "MVC",
    pages = "1",
    year = "2023",
    journal = "{Online Article}",
    url = "https://developer.mozilla.org/en-US/docs/Glossary/MVC",
    author = "MDN Mozilla",
}
@article{wikipedia12024,
    title = "Single-responsibility principle",
    pages = "1",
    year = "2023",
    journal = "{Online Article}",
    url = "https://en.wikipedia.org/wiki/Single-responsibility_principle",
    author = "Wikipedia",
}
@article{medium12023,
    title = "Laravel MVC Architecture Explained",
    pages = "1",
    year = "2023",
    journal = "{Online Article}",
    url = "https://medium.com/@nnadichime04/laravel-mvc-architecture-explained-21e783dbbd14",
    author = "Nnadi .C Charles",
}
@article{rh12021,
    title = "The Effectiveness of I-AM Human ResourcesInformation System Application at PT Pertamina(Persero)",
    pages = "13-23",
    year = "2021",
    journal = "{Online Article}",
    url = "https://jmeb.universitaspertamina.ac.id/index.php/MBEJ/article/view/17/44",
    author = "Riska Wegig Pratitis & Hesti Maheswari",
}
@article{ms12019,
    title = "What Percentage of Companies Use an ATS or HRIS?",
    pages = "1",
    year = "2029",
    journal = "{Online Article}",
    url = "https://www.criteriacorp.com/blog/what-percentage-of-companies-use-an-ats-or-hris#:~:text=For%20example%2C%20for%20companies%20with,using%20an%20ATS%20or%20HRIS.",
    author = "Michelle Silverstein",
}
@article{srr12023,
    title = "Gender effects in directed versus incidental learning in a 3d virtual world simulation",
    journal = "Ais Transactions on Human-Computer Interaction",
    volume = "15",
    number = "1",
    pages = "55-82",
    year = "2023",
    doi = "10.17705/1thci.00083",
    url = "https://aisel.aisnet.org/cgi/viewcontent.cgi?article=1188&context=thci",
    author = "Kahal, S. and Jestice, R. and Huang, R.",
}
@article{ml12019,
    title = "Human resource information system (hris): an important element of modern organization",
    journal = "Global Disclosure of Economics and Business",
    volume = "8",
    number = "2",
    pages = "61-66",
    year = "2019",
    doi = "10.18034/gdeb.v8i2.98",
    url = "https://i-proclaim.my/journals/index.php/gdeb/article/view/98",
    author = "Lina, M.",
}
@article{ep12023,
    title = "Implementing human resource information system (hris) for efficient human resource management",
    journal = "International Journal of Science and Society",
    volume = "5",
    number = "2",
    pages = "128-139",
    year = "2023",
    doi = "10.54783/ijsoc.v5i2.676",
    url = "https://www.ijsoc.goacademica.com/index.php/ijsoc/article/view/676",
    author = "Panjaitan, E.",
}

@article{h12020,
    title = "Human resource information systems using the decision-making trial and evaluation laboratory dematel method",
    journal = "rmc",
    volume = "1",
    number = "2",
    pages = "67-74",
    year = "2020",
    doi = "10.46632/rmc/1/2/10",
    url = "https://restpublisher.com/wp-content/uploads/2023/01/10.46632-rmc-1-2-10.pdf",
    author = "Kamra Komal Bhagwandas",
}
@article{aa12021,
    title = "The complementary relationship between human resources accounting and human resources information system",
    journal = "Open Journal of Accounting",
    volume = "10",
    number = "02",
    pages = "30-41",
    year = "2021",
    doi = "10.4236/ojacct.2021.102004",
    url = "https://www.researchgate.net/publication/350694338_The_Complementary_Relationship_between_Human_Resources_Accounting_and_Human_Resources_Information_System",
    author = "Asfahani, A.",
}
@article{s12024,
    title = "Effectiveness of hris personnel records management on performance of higher learning institutions: a case of tengeru institute of community development",
    journal = "International Journal of Scientific Research and Management",
    volume = "12",
    number = "03",
    pages = "6045-6057",
    year = "2024",
    doi = "10.18535/ijsrm/v12i03.em10",
    url = "https://ijsrm.net/index.php/ijsrm/article/view/5039/",
    author = "R., S.",
}
@article{ta12023,
    title = "Adoption of human resource information systems by faculty members: qualitative evidence from universities in pakistan",
    journal = "Journal of Organisational Studies and Innovation",
    volume = "9",
    number = "3",
    pages = "1-15",
    year = "2023",
    doi = "10.51659/josi.21.153",
    url = "https://www.researchgate.net/publication/367068373_Adoption_of_Human_Resource_Information_Systems_by_Faculty_Members_Qualitative_Evidence_from_Universities_in_Pakistan",
    author = "Ali, T. and Mahmood, A.",
}
@article{hae12021,
    title = "Impact of information technology on the hr practices in the public sector:  evidence from the republic of kosovo",
    journal = "European Journal of Sustainable Development",
    volume = "10",
    number = "1",
    pages = "724",
    year = "2021",
    doi = "10.14207/ejsd.2021.v10n1p724",
    url = "https://www.researchgate.net/publication/348941829_Impact_of_Information_Technology_on_the_HR_Practices_in_the_Public_Sector_Evidence_from_the_Republic_of_Kosovo",
    author = "Hoti, H. and Hoti, A. and Kurhasku, E.",
}
@article{pfsa12023,
    title = "The role of human resource management in institutional effectiveness: a comparative study of two ghanaian universities",
    journal = "Journal of Educational Management",
    volume = "12",
    number = "1",
    pages = "18-30",
    year = "2023",
    doi = "10.47963/jem.v12i1.1013",
    url = "https://www.researchgate.net/publication/370683009_The_Role_of_Human_Resource_Management_in_Institutional_Effectiveness_A_Comparative_Study_of_Two_Ghanaian_Universities",
    author = "Addo, P. and Amankwah, F. and Panford, S. and Adu, K.",
}
@article{arc12020,
    title = "“planned benefits” can be misleading in digital transformation projects: insights from a case study of human resource information systems implementation in healthcare",
    journal = "Sage Open",
    volume = "10",
    number = "2",
    pages = "215824402093388",
    year = "2020",
    doi = "10.1177/2158244020933881",
    url = "https://www.researchgate.net/publication/342412058_Planned_Benefits_Can_Be_Misleading_in_Digital_Transformation_Projects_Insights_From_a_Case_Study_of_Human_Resource_Information_Systems_Implementation_in_Healthcare",
    author = "Tursunbayeva, A. and Bunduchi, R. and Pagliari, C.",
}
@article{f12022,
    title = "Implementation of e-hrm in the ministry of public works and public housing",
    journal = "Hasanuddin Economics and Business Review",
    volume = "6",
    number = "1",
    pages = "37",
    year = "2022",
    doi = "10.26487/hebr.v6i1.5086",
    url = "https://www.researchgate.net/publication/334108891_UNCERTAINTY_AVOIDANCE_RISK_AVOIDANCE_AND_PERCEIVED_RISK_A_CULTURAL_PERSPECTIVE_OF_INDIVIDUAL_INVESTORS",
    author = "Farhana, F.",
}
@article{aab12019,
    title = "Improving the efficiency of human resources with the use of new technologies and reorganization process",
    journal = "International Journal of Research in Business and Social Science (2147-4478)",
    volume = "9",
    number = "1",
    pages = "31-38",
    year = "2019",
    doi = "10.20525/ijrbs.v9i1.606",
    url = "https://www.researchgate.net/publication/378050168_SOCIAL_CAPITAL_AS_PLANNING_HUMAN_RESOURCES_IN_EFFORTS_TO_IMPROVE_THE_QUALITY_OF_ISLAMIC_EDUCATION_INSTITUTIONS",
    author = "Tërstena, A. and Goga, A. and Jashari, B.",
}
@article{f12023,
    title = "Social capital as planning human resources in efforts to improve the quality of islamic education institutions",
    journal = "Leadership Jurnal Mahasiswa Manajemen Pendidikan Islam",
    volume = "4",
    number = "2",
    pages = "233-244",
    year = "2023",
    doi = "10.32478/leadership.v4i2.1638",
    author = "Firdaus, A.",
}
@article{edcpr12019,
    title = "Interaction facilitation and task facilitation need optimization in higher education institutions",
    journal = "Journal of Applied Research in Higher Education",
    volume = "12",
    number = "3",
    pages = "403-412",
    year = "2019",
    doi = "10.1108/jarhe-04-2018-0062",
    url = "https://www.researchgate.net/publication/331335531_Academic_buoyancy_in_higher_education_Developing_sustainability_in_language_learning_through_encouraging_buoyant_EFL_students",
    author = "Daly, E. and Mohammed, D. and Boglarsky, C. and Blessinger, P. and Zeine, R.",
}
@article{s12020,
    title = "The positioning and competitive strategies of higher education institutions in the united arab emirates",
    journal = "International Journal of Educational Management",
    volume = "34",
    number = "1",
    pages = "139-153",
    year = "2020",
    doi = "10.1108/ijem-05-2019-0168",
    url = "https://www.researchgate.net/publication/335514510_The_positioning_and_competitive_strategies_of_higher_education_institutions_in_the_United_Arab_Emirates",
    author = "Wilkins, S.",
}

@article{kben12022,
    title = "Challenges of human resource information system adoption: evidence from two ghanaian tertiary institutions",
    journal = "World Journal of Advanced Research and Reviews",
    volume = "13",
    number = "2",
    pages = "346-349",
    year = "2022",
    doi = "10.30574/wjarr.2022.13.2.0111",
    url = "https://www.researchgate.net/publication/358907704_Challenges_of_human_resource_information_system_adoption_Evidence_from_two_Ghanaian_tertiary_institutions",
    author = "Hagan, K. and Lotsu, B. and Hodowu, E. and Abaka-Yawson, N.",
}
@article{ecaj12021,
    title = "A systematic literature review of human resource information system (hris) usage in the health system of south africa",
    journal = "International Journal of Research in Business and Social Science (2147-4478)",
    volume = "10",
    number = "7",
    pages = "87-115",
    year = "2021",
    doi = "10.20525/ijrbs.v10i7.1424",
    url = "https://www.semanticscholar.org/paper/A-systematic-literature-review-of-Human-Resource-in-Udekwe-Iwu/bba8cb79eb74bee0a6c6d33fa7f665984defa7cc",
    author = "Udekwe, E. and Iwu, C. and Harpe, A. and Daramola, J.",
}
@article{m12024,
    title = "Exploring hris adoption and performance outcomes in hyderabad-based it enterprises: a case study approach",
    journal = "Epra International Journal of Economics Business and Management Studies",
    pages = "112-117",
    year = "2024",
    doi = "10.36713/epra15346",
    url = "https://eprajournals.net/index.php/EBMS/article/view/3586/3589",
    author = "Panthangi, M.",
}
@article{p12024,
    title = "The impact of technology on human resource management: trends and challenges",
    journal = "EATP",
    pages = "9746-9752",
    year = "2024",
    doi = "10.53555/kuey.v30i5.4635",
    url = "https://www.researchgate.net/publication/381016944_The_Impact_of_Technology_on_Human_Resource_Management_Trends_and_Challenges_Educational_Administration_Theory_and_Practice",
    author = "Prasad, D.",
}
@article{s22024,
    title = "Connecting human and information resources in the generation of competitive advantage",
    journal = "Journal of the Knowledge Economy",
    year = "2024",
    doi = "10.1007/s13132-024-01907-y",
    url = "https://link.springer.com/article/10.1007/s13132-024-01907-y",
    author = "Camisón-Haba, S.",
}
@article{m12023,
    title = "Hrm-ecosystem of the organization in the context of global challenges",
    year = "2023",
    journal = "{Online Article}",
    doi = "10.51408/csit2023_75",
    url = "https://csit.am/2023/proceedings/Workshop/W_15.pdf?new",
    author = "Mitrofanova, E.",
}
@article{is12020,
    title = "Implementation of human resource management functions in selected small manufacturing companies in ga-rankuwa industrial area, gauteng, south africa",
    journal = "Sa Journal of Human Resource Management",
    volume = "18",
    year = "2020",
    doi = "10.4102/sajhrm.v18i0.1282",
    url = "https://www.researchgate.net/publication/344620721_Implementation_of_human_resource_management_functions_in_selected_small_manufacturing_companies_in_Ga-Rankuwa_industrial_area_Gauteng_South_Africa",
    author = "Potgieter, I. and Mokomane, S.",
}
@article{ymqz12022,
    title = "Design and interactive performance of human resource management system based on artificial intelligence",
    journal = "Plos One",
    volume = "17",
    number = "1",
    pages = "e0262398",
    year = "2022",
    doi = "10.1371/journal.pone.0262398",
    url = "https://journals.plos.org/plosone/article?id=10.1371/journal.pone.0262398",
    author = "Gong, Y. and Zhao, M. and Qin, W. and Lv, Z.",
}
@article{mee12022,
    title = "Assessing the effect of human resource information systems on the human resource strategies of commercial banks",
    journal = "European Journal of Business Management and Research",
    volume = "7",
    number = "3",
    pages = "304-312",
    year = "2022",
    doi = "10.24018/ejbmr.2022.7.3.1460",
    url = "https://www.researchgate.net/publication/361425499_Assessing_the_Effect_of_Human_Resource_Information_Systems_on_the_Human_Resource_Strategies_of_Commercial_Banks",
    author = "Bah, M. and Duramany-Lakkoh, E. and Udeh, E.",
}
@article{hrd12022,
    title = "A qualitative study of legacy systems modernisation for citizen-centric digital government",
    journal = "Sustainability",
    volume = "14",
    number = "17",
    pages = "10951",
    year = "2022",
    doi = "10.3390/su141710951",
    url = "https://www.mdpi.com/2071-1050/14/17/10951",
    author = "Bakar, H. and Razali, R. and Jambari, D.",
}
@article{hrd12020,
    title = "A guidance to legacy systems modernization",
    journal = "International Journal on Advanced Science Engineering and Information Technology",
    volume = "10",
    number = "3",
    pages = "1042-1050",
    year = "2020",
    doi = "10.18517/ijaseit.10.3.10265",
    url = "https://ijaseit.insightsociety.org/index.php/ijaseit/article/view/10265",
    author = "Bakar, H. and Razali, R. and Jambari, D.",
}
@article{hrd12021,
    title = "Legacy systems modernisation for citizen-centric digital government: a conceptual model",
    journal = "Sustainability",
    volume = "13",
    number = "23",
    pages = "13112",
    year = "2021",
    doi = "10.3390/su132313112",
    url = "https://www.mdpi.com/2071-1050/13/23/13112",
    author = "Bakar, H. and Razali, R. and Jambari, D.",
}

@article{p1nd,
    title = "Paycor HCM",
    pages = "1",
    year = "n.d.",
    journal = "{Online Article}",
    url = "https://matchr.com/hris-software/software-list/paycor/",
    author = "Paycor",
}

@article{d1nd,
    title = "Manage the entire global worker lifecycle compliantly Deel HR",
    pages = "1",
    year = "n.d.",
    journal = "{Online Article}",
    url = "https://www.deel.com/hr/",
    author = "Deel",
}

@article{o12024,
    title = "Omni HR",
    pages = "1",
    year = "2024",
    journal = "{Online Article}",
    url = "https://omnihr.co/lp-collection/hr-software/?gad_source=1",
    author = "Omni",
}

%----------------------------------------------------%
%---END REFERENCES-----------------------------------%
%----------------------------------------------------%